@article{law2006lucky,
  title={Lucky imaging: high angular resolution imaging in the visible from the ground},
  author={Law, Nicholas M and Mackay, Craig D and Baldwin, John E},
  journal={Astronomy \& Astrophysics},
  volume={446},
  number={2},
  pages={739--745},
  year={2006},
  publisher={EDP Sciences}
}
